@Book{xie2015,
  title = {Dynamic Documents with {R} and knitr},
  author = {Yihui Xie},
  publisher = {Chapman and Hall/CRC},
  address = {Boca Raton, Florida},
  year = {2015},
  edition = {2nd},
  note = {ISBN 978-1498716963},
  url = {http://yihui.name/knitr/},
}

@article{spence2005no,
  title={No humble pie: The origins and usage of a statistical chart},
  author={Spence, Ian},
  journal={Journal of Educational and Behavioral Statistics},
  volume={30},
  number={4},
  pages={353--368},
  year={2005},
  publisher={Sage Publications Sage CA: Los Angeles, CA}
}
